<?xml version="1.0" encoding="UTF-8"?><collection xmlns="http://www.loc.gov/MARC21/slim"><record><leader>00650nam--2200193-i-4500</leader><controlfield tag="001">000031149</controlfield><controlfield tag="002">20161230</controlfield><controlfield tag="005">20161230201038</controlfield><controlfield tag="008">060222s1000------------r-----000-0-eng-d</controlfield><datafield ind1=" " ind2=" " tag="040"><subfield code="a">IFIN-HH</subfield></datafield><datafield ind1=" " ind2=" " tag="080"><subfield code="a">537.56</subfield></datafield><datafield ind1="1" ind2=" " tag="100"><subfield code="a">Nilsson, N. Robert</subfield></datafield><datafield ind1="1" ind2="0" tag="245"><subfield code="a">Ionization phenomena in gases</subfield><subfield code="b">Proceedings of the fourth international conference on ionization phenomena in gases (uppsala 17-21 august 1959)</subfield><subfield code="c">N robert nilsson (ed.)</subfield></datafield><datafield ind1=" " ind2=" " tag="260"><subfield code="a">Amsterdam</subfield><subfield code="b">North-holland Publishing Company</subfield><subfield code="c">1960</subfield></datafield><datafield ind1=" " ind2=" " tag="300"><subfield code="a">TWO VOLUMES</subfield></datafield><datafield ind1=" " ind2=" " tag="490"><subfield code="a">Series In Physics</subfield></datafield><datafield ind1="1" ind2=" " tag="787"><subfield code="a">Volume Ii</subfield><subfield code="h">/551p./1210p</subfield></datafield><datafield ind1=" " ind2=" " tag="852"><subfield code="a">14298</subfield><subfield code="c">537.52</subfield></datafield><datafield ind1=" " ind2=" " tag="CAT"><subfield code="a">Sys</subfield><subfield code="c">20110803</subfield><subfield code="h">143315</subfield></datafield></record></collection>